[gd_scene load_steps=8 format=2]

[ext_resource path="res://assets/world/A.png" type="Texture" id=1]
[ext_resource path="res://assets/world/custom/custom 001.png" type="Texture" id=2]

[sub_resource type="RectangleShape2D" id=1]
extents = Vector2( 8, 8 )

[sub_resource type="RectangleShape2D" id=2]
extents = Vector2( 8, 6 )

[sub_resource type="RectangleShape2D" id=3]
extents = Vector2( 7.48972, 7 )

[sub_resource type="RectangleShape2D" id=4]
extents = Vector2( 7, 4 )

[sub_resource type="RectangleShape2D" id=5]
extents = Vector2( 7, 4 )

[node name="Node2D" type="Node2D"]

[node name="Sprite" type="Sprite" parent="."]
texture = ExtResource( 1 )
region_enabled = true
region_rect = Rect2( 868, 476, 16, 16 )

[node name="StaticBody2D" type="StaticBody2D" parent="Sprite"]

[node name="CollisionShape2D" type="CollisionShape2D" parent="Sprite/StaticBody2D"]
shape = SubResource( 1 )

[node name="Sprite2" type="Sprite" parent="."]
position = Vector2( 24, 0 )
texture = ExtResource( 1 )
region_enabled = true
region_rect = Rect2( 851, 476, 16, 16 )

[node name="StaticBody2D2" type="StaticBody2D" parent="Sprite2"]

[node name="CollisionShape2D" type="CollisionShape2D" parent="Sprite2/StaticBody2D2"]
shape = SubResource( 1 )

[node name="Sprite3" type="Sprite" parent="."]
position = Vector2( 48, 0 )
texture = ExtResource( 1 )
region_enabled = true
region_rect = Rect2( 851, 459, 16, 16 )

[node name="StaticBody2D3" type="StaticBody2D" parent="Sprite3"]

[node name="CollisionShape2D" type="CollisionShape2D" parent="Sprite3/StaticBody2D3"]
shape = SubResource( 1 )

[node name="Sprite4" type="Sprite" parent="."]
position = Vector2( 72, 0 )
texture = ExtResource( 1 )
region_enabled = true
region_rect = Rect2( 834, 461, 16, 16 )

[node name="StaticBody2D4" type="StaticBody2D" parent="Sprite4"]

[node name="CollisionShape2D" type="CollisionShape2D" parent="Sprite4/StaticBody2D4"]
shape = SubResource( 2 )

[node name="Sprite5" type="Sprite" parent="."]
position = Vector2( 96, 0 )
texture = ExtResource( 1 )
region_enabled = true
region_rect = Rect2( 834, 442, 16, 16 )

[node name="StaticBody2D5" type="StaticBody2D" parent="Sprite5"]

[node name="CollisionShape2D" type="CollisionShape2D" parent="Sprite5/StaticBody2D5"]
position = Vector2( 0.539307, 1 )
shape = SubResource( 3 )

[node name="Sprite6" type="Sprite" parent="."]
position = Vector2( 120, 0 )
texture = ExtResource( 1 )
region_enabled = true
region_rect = Rect2( 851, 442, 16, 16 )

[node name="StaticBody2D6" type="StaticBody2D" parent="Sprite6"]

[node name="CollisionShape2D" type="CollisionShape2D" parent="Sprite6/StaticBody2D6"]
shape = SubResource( 1 )

[node name="Sprite7" type="Sprite" parent="."]
position = Vector2( 144, 0 )
texture = ExtResource( 1 )
region_enabled = true
region_rect = Rect2( 834, 425, 16, 16 )

[node name="StaticBody2D7" type="StaticBody2D" parent="Sprite7"]

[node name="CollisionShape2D" type="CollisionShape2D" parent="Sprite7/StaticBody2D7"]
shape = SubResource( 1 )

[node name="Sprite8" type="Sprite" parent="."]
position = Vector2( 168, 0 )
texture = ExtResource( 1 )
region_enabled = true
region_rect = Rect2( 851, 425, 16, 16 )

[node name="StaticBody2D8" type="StaticBody2D" parent="Sprite8"]

[node name="CollisionShape2D" type="CollisionShape2D" parent="Sprite8/StaticBody2D8"]
shape = SubResource( 1 )

[node name="Sprite9" type="Sprite" parent="."]
position = Vector2( 192, 0 )
texture = ExtResource( 1 )
region_enabled = true
region_rect = Rect2( 868, 425, 16, 16 )

[node name="StaticBody2D9" type="StaticBody2D" parent="Sprite9"]

[node name="CollisionShape2D" type="CollisionShape2D" parent="Sprite9/StaticBody2D9"]
position = Vector2( 0, -4 )
shape = SubResource( 4 )

[node name="Sprite10" type="Sprite" parent="."]
position = Vector2( 216, 0 )
texture = ExtResource( 2 )
region_enabled = true
region_rect = Rect2( 0, 0, 16, 16 )

[node name="StaticBody2D10" type="StaticBody2D" parent="Sprite10"]

[node name="CollisionShape2D" type="CollisionShape2D" parent="Sprite10/StaticBody2D10"]
position = Vector2( 0, -4 )
shape = SubResource( 5 )
